<record><leader>00000cas a2200000 a 4500</leader><controlfield tag="001">31619382</controlfield><controlfield tag="007">hd afb---bcca</controlfield><controlfield tag="008">941206d19111939ohudn nea     0    0cze c</controlfield><datafield ind1=" " ind2=" " tag="010"><subfield code="a">sn 94056434 </subfield></datafield><datafield ind1=" " ind2=" " tag="040"><subfield code="a">NVG</subfield><subfield code="b">eng</subfield><subfield code="c">NVG</subfield><subfield code="d">DLC</subfield><subfield code="d">OCLCQ</subfield><subfield code="d">DLC</subfield><subfield code="d">OCLCQ</subfield><subfield code="d">OCLCF</subfield><subfield code="d">OCLCO</subfield><subfield code="d">OCLCQ</subfield></datafield><datafield ind1="0" ind2=" " tag="041"><subfield code="a">cze</subfield><subfield code="a">eng</subfield></datafield><datafield ind1=" " ind2=" " tag="042"><subfield code="a">pcc</subfield></datafield><datafield ind1=" " ind2=" " tag="043"><subfield code="a">n-us---</subfield></datafield><datafield ind1=" " ind2="4" tag="050"><subfield code="a">AP53</subfield><subfield code="b">.S848</subfield></datafield><datafield ind1="0" ind2=" " tag="130"><subfield code="a">Sve&#780;t (Cleveland, Ohio)</subfield></datafield><datafield ind1="1" ind2="0" tag="245"><subfield code="a">Sve&#780;t.</subfield></datafield><datafield ind1="3" ind2="1" tag="246"><subfield code="a">World</subfield></datafield><datafield ind1=" " ind2=" " tag="260"><subfield code="a">Cleveland, Ohio :</subfield><subfield code="b">Tiskar&#780;ska&#769; a Vydavatelska&#769; Spolec&#780;nost "Sve&#780;t" = Sve&#780;t Print. &amp; Pub. Co.,</subfield><subfield code="c">-1939.</subfield></datafield><datafield ind1=" " ind2=" " tag="300"><subfield code="a">volumes</subfield></datafield><datafield ind1=" " ind2=" " tag="310"><subfield code="a">Daily (except Sun.)</subfield></datafield><datafield ind1=" " ind2=" " tag="336"><subfield code="a">text</subfield><subfield code="b">txt</subfield><subfield code="2">rdacontent</subfield></datafield><datafield ind1=" " ind2=" " tag="337"><subfield code="a">microform</subfield><subfield code="b">h</subfield><subfield code="2">rdamedia</subfield></datafield><datafield ind1=" " ind2=" " tag="338"><subfield code="a">microfilm reel</subfield><subfield code="b">hd</subfield><subfield code="2">rdacarrier</subfield></datafield><datafield ind1="1" ind2=" " tag="362"><subfield code="a">Began with Feb. 22, 1911 issue.</subfield></datafield><datafield ind1="0" ind2=" " tag="362"><subfield code="a">-roc&#780;. 29, c&#780;is. 88 (3. c&#780;erv. 1939).</subfield></datafield><datafield ind1=" " ind2=" " tag="546"><subfield code="a">In Czech with some cartoons in English.</subfield></datafield><datafield ind1=" " ind2=" " tag="580"><subfield code="a">Merged with: Americ&#780;an (Cleveland, Ohio : 1899) to form: Sve&#780;t-Americ&#780;an.</subfield></datafield><datafield ind1=" " ind2=" " tag="588"><subfield code="a">Description based on: Roc&#780;. 8, c&#780;is. 93 (10. c&#780;erv. 1918).</subfield></datafield><datafield ind1=" " ind2=" " tag="533"><subfield code="a">Microfilm.</subfield><subfield code="b">Columbus, Ohio :</subfield><subfield code="c">Ohio Historical Society.</subfield><subfield code="e">41 microfilm reels ; 35 mm.</subfield></datafield><datafield ind1=" " ind2="0" tag="650"><subfield code="a">Czechs</subfield><subfield code="z">United States</subfield><subfield code="v">Newspapers.</subfield></datafield><datafield ind1=" " ind2="0" tag="650"><subfield code="a">Czech American newspapers.</subfield></datafield><datafield ind1=" " ind2="7" tag="650"><subfield code="a">Czech-American newspapers.</subfield><subfield code="2">fast</subfield><subfield code="0">(OCoLC)fst00886452</subfield></datafield><datafield ind1=" " ind2="7" tag="650"><subfield code="a">Czechs.</subfield><subfield code="2">fast</subfield><subfield code="0">(OCoLC)fst00886455</subfield></datafield><datafield ind1=" " ind2="7" tag="651"><subfield code="a">United States.</subfield><subfield code="2">fast</subfield><subfield code="0">(OCoLC)fst01204155</subfield></datafield><datafield ind1=" " ind2="7" tag="655"><subfield code="a">Newspapers.</subfield><subfield code="2">fast</subfield><subfield code="0">(OCoLC)fst01423814</subfield></datafield><datafield ind1=" " ind2=" " tag="752"><subfield code="a">United States</subfield><subfield code="b">Ohio</subfield><subfield code="c">Cuyahoga</subfield><subfield code="d">Cleveland.</subfield></datafield><datafield ind1="1" ind2=" " tag="776"><subfield code="c">Original</subfield><subfield code="w">(DLC)sn 83045068</subfield></datafield><datafield ind1="0" ind2="5" tag="780"><subfield code="t">Dennice novove&#780;ku</subfield><subfield code="w">(DLC)sn 94056433</subfield></datafield><datafield ind1="1" ind2="7" tag="785"><subfield code="t">Americ&#780;an (Cleveland, Ohio : 1899)</subfield></datafield><datafield ind1="1" ind2="7" tag="785"><subfield code="t">Sve&#780;t-Americ&#780;an</subfield><subfield code="w">(DLC)sn 94061421</subfield></datafield><datafield ind1="1" ind2=" " tag="029"><subfield code="a">AU@</subfield><subfield code="b">000025478569</subfield></datafield></record>